<record><leader>00000cas a22000007a 4500</leader><controlfield tag="001">11116506</controlfield><controlfield tag="008">840904d1918197unjuwr ne      0    0eng  </controlfield><datafield ind1=" " ind2=" " tag="010"><subfield code="a">sn 84020555 </subfield></datafield><datafield ind1=" " ind2=" " tag="040"><subfield code="a">DLC</subfield><subfield code="b">eng</subfield><subfield code="c">DLC</subfield><subfield code="d">OCLCQ</subfield></datafield><datafield ind1=" " ind2=" " tag="042"><subfield code="a">msc</subfield></datafield><datafield ind1="0" ind2="0" tag="050"><subfield code="a">Newspaper 8768-X</subfield></datafield><datafield ind1="0" ind2=" " tag="130"><subfield code="a">Cape May County times (Sea Isle City, N.J. : 1918)</subfield></datafield><datafield ind1="1" ind2="0" tag="245"><subfield code="a">Cape May County times.</subfield></datafield><datafield ind1=" " ind2=" " tag="260"><subfield code="a">Sea Isle City, N.J. :</subfield><subfield code="b">Garden State Pub. Co.</subfield></datafield><datafield ind1=" " ind2=" " tag="300"><subfield code="a">v. :</subfield><subfield code="b">ill. ;</subfield><subfield code="c">63 cm.</subfield></datafield><datafield ind1=" " ind2=" " tag="310"><subfield code="a">Weekly</subfield></datafield><datafield ind1="1" ind2=" " tag="362"><subfield code="a">Began with Feb. 1, 1918 issue.</subfield><subfield code="z">Cf. Directory of N.J. newspapers, 1977.</subfield></datafield><datafield ind1=" " ind2=" " tag="500"><subfield code="a">"Cape May County's home newspaper."</subfield></datafield><datafield ind1=" " ind2=" " tag="500"><subfield code="a">"Independent." Cf. Ayer, 1976.</subfield></datafield><datafield ind1=" " ind2=" " tag="588"><subfield code="a">Description based on: Vol. 35, no. 5 (Apr. 20, 1945).</subfield></datafield><datafield ind1=" " ind2=" " tag="752"><subfield code="a">United States</subfield><subfield code="b">New Jersey</subfield><subfield code="c">Cape May</subfield><subfield code="d">Sea Isle City.</subfield></datafield><datafield ind1="0" ind2="0" tag="780"><subfield code="t">Cape May County times and Atlantic Coast news</subfield></datafield><datafield ind1="1" ind2=" " tag="029"><subfield code="a">AU@</subfield><subfield code="b">000025811485</subfield></datafield></record>